% LTeX: enabled=false
% Tidy bib file: https://flamingtempura.github.io/bibtex-tidy/index.html?opt=%7B%22modify%22%3Atrue%2C%22curly%22%3Atrue%2C%22numeric%22%3Atrue%2C%22months%22%3Afalse%2C%22space%22%3A2%2C%22tab%22%3Afalse%2C%22align%22%3A13%2C%22blankLines%22%3Atrue%2C%22sort%22%3A%5B%22key%22%5D%2C%22duplicates%22%3A%5B%22key%22%5D%2C%22stripEnclosingBraces%22%3Afalse%2C%22dropAllCaps%22%3Afalse%2C%22escape%22%3Afalse%2C%22sortFields%22%3A%5B%22title%22%2C%22shorttitle%22%2C%22author%22%2C%22year%22%2C%22month%22%2C%22day%22%2C%22journal%22%2C%22booktitle%22%2C%22location%22%2C%22on%22%2C%22publisher%22%2C%22address%22%2C%22series%22%2C%22volume%22%2C%22number%22%2C%22pages%22%2C%22doi%22%2C%22isbn%22%2C%22issn%22%2C%22url%22%2C%22urldate%22%2C%22copyright%22%2C%22category%22%2C%22note%22%2C%22metadata%22%5D%2C%22stripComments%22%3Afalse%2C%22trailingCommas%22%3Afalse%2C%22encodeUrls%22%3Afalse%2C%22tidyComments%22%3Atrue%2C%22removeEmptyFields%22%3Afalse%2C%22removeDuplicateFields%22%3Afalse%2C%22lowercase%22%3Atrue%2C%22backup%22%3Atrue%7D
@article{Afanasiev_2018,
  title        = {A 3.5 million Solar masses black hole in the centre of the ultracompact dwarf galaxy fornax UCD3},
  author       = {Afanasiev, Anton V and Chilingarian, Igor V and Mieske, Steffen and Voggel, Karina T and Picotti, Arianna and Hilker, Michael and Seth, Anil and Neumayer, Nadine and Frank, Matthias and Romanowsky, Aaron J and Hau, George and Baumgardt, Holger and Ahn, Christopher and Strader, Jay and den Brok, Mark and McDermid, Richard and Spitler, Lee and Brodie, Jean and Walsh, Jonelle L},
  year         = 2018,
  month        = apr,
  journal      = {Monthly Notices of the Royal Astronomical Society},
  publisher    = {Oxford University Press (OUP)},
  volume       = 477,
  number       = 4,
  pages        = {4856–4865},
  doi          = {10.1093/mnras/sty913},
  issn         = {1365-2966},
  url          = {http://dx.doi.org/10.1093/mnras/sty913}
}

@article{Ahn_2018,
  title        = {The Black Hole in the Most Massive Ultracompact Dwarf Galaxy M59-UCD3},
  author       = {Ahn, Christopher P. and Seth, Anil C. and Cappellari, Michele and Krajnović, Davor and Strader, Jay and Voggel, Karina T. and Walsh, Jonelle L. and Bahramian, Arash and Baumgardt, Holger and Brodie, Jean and Chilingarian, Igor and Chomiuk, Laura and den Brok, Mark and Frank, Matthias and Hilker, Michael and McDermid, Richard M. and Mieske, Steffen and Neumayer, Nadine and Nguyen, Dieu D. and Pechetti, Renuka and Romanowsky, Aaron J. and Spitler, Lee},
  year         = 2018,
  month        = may,
  journal      = {The Astrophysical Journal},
  publisher    = {American Astronomical Society},
  volume       = 858,
  number       = 2,
  pages        = 102,
  doi          = {10.3847/1538-4357/aabc57},
  issn         = {1538-4357},
  url          = {http://dx.doi.org/10.3847/1538-4357/aabc57}
}

@misc{astroinspect,
  title        = {AstroInspect: Web-based visual inspection tool},
  author       = {Cardoso, N. M.},
  year         = 2022,
  month        = oct,
  publisher    = {Zenodo},
  doi          = {10.5281/zenodo.7268504},
  url          = {https://doi.org/10.5281/zenodo.7268504}
}

@software{astrotools,
  title        = {Astrotools: Web-based astronomical tools},
  author       = {Cardoso, N. M.},
  year         = 2022,
  month        = oct,
  publisher    = {Zenodo},
  doi          = {10.5281/zenodo.7268504},
  url          = {https://doi.org/10.5281/zenodo.7268504}
}

@misc{barbary2017extinction,
  title        = {{extinction v0.3.0}},
  author       = {{Barbary}, Kyle},
  year         = 2016,
  month        = dec,
  publisher    = {Zenodo},
  doi          = {10.5281/zenodo.804966},
  eid          = {10.5281/zenodo.804966},
  adsurl       = {https://ui.adsabs.harvard.edu/abs/2016zndo....804966B},
  adsnote      = {Provided by the SAO/NASA Astrophysics Data System}
}

@article{Bekki_2003,
  title        = {Galaxy threshing and the origin of ultra-compact dwarf galaxies in the Fornax cluster},
  author       = {Bekki, K. and Couch, W. J. and Drinkwater, M. J. and Shioya, Y.},
  year         = 2003,
  month        = sep,
  journal      = {Monthly Notices of the Royal Astronomical Society},
  publisher    = {Oxford University Press (OUP)},
  volume       = 344,
  number       = 2,
  pages        = {399–411},
  doi          = {10.1046/j.1365-8711.2003.06916.x},
  issn         = {1365-2966},
  url          = {http://dx.doi.org/10.1046/j.1365-8711.2003.06916.x}
}

@article{Br_ns_2012,
  title        = {A catalog of extended clusters and ultra-compact dwarf galaxies: An analysis of their parameters in early- and late-type galaxies},
  author       = {Brüns, R. C. and Kroupa, P.},
  year         = 2012,
  month        = oct,
  journal      = {Astronomy \&; Astrophysics},
  publisher    = {EDP Sciences},
  volume       = 547,
  pages        = {A65},
  doi          = {10.1051/0004-6361/201219693},
  issn         = {1432-0746},
  url          = {http://dx.doi.org/10.1051/0004-6361/201219693}
}

@misc{buzzo2021new,
  title        = {A new method to detect globular clusters with the S-PLUS survey},
  author       = {Maria Luísa Buzzo and Arianna Cortesi and Duncan A. Forbes and Jean P. Brodie and Warrick J. Couch and Carlos Eduardo Barbosa and Danielle de Brito Silva and Paula Coelho and Ana L. Chies-Santos and Carlos Escudero and Leandro Sesto and Karín Menéndez-Delmestre and Thiago S. Golçalves and Clécio R. Bom and Alvaro Alvarez-Candal and Analía V. Smith Castelli and William Schoenell and Antonio Kanaan and Tiago Ribeirto and Claudia Mendes de Oliveira},
  year         = 2021,
  eprint       = {2111.14993},
  archiveprefix = {arXiv},
  primaryclass = {astro-ph.GA}
}

@article{cardelli1989dust,
  title        = {{The Relationship between Infrared, Optical, and Ultraviolet Extinction}},
  author       = {{Cardelli}, Jason A. and {Clayton}, Geoffrey C. and {Mathis}, John S.},
  year         = 1989,
  month        = oct,
  journal      = {\apj},
  volume       = 345,
  pages        = 245,
  doi          = {10.1086/167900},
  keywords     = {Infrared Spectra, Interstellar Extinction, Ultraviolet Spectra, Visible Spectrum, Computational Astrophysics, Interstellar Matter, Iue, Astrophysics, INTERSTELLAR: MATTER, ULTRAVIOLET: SPECTRA},
  adsurl       = {https://ui.adsabs.harvard.edu/abs/1989ApJ...345..245C},
  adsnote      = {Provided by the SAO/NASA Astrophysics Data System}
}

@misc{castelli2024splus,
  title        = {The S-PLUS Fornax Project (S+FP): A first 12-band glimpse of the Fornax galaxy cluster},
  author       = {A. V. Smith Castelli et  al.},
  year         = 2024,
  eprint       = {2403.10697},
  archiveprefix = {arXiv},
  primaryclass = {astro-ph.GA}
}

@misc{castelli2024splusfornaxprojectsfp,
  title        = {The S-PLUS Fornax Project (S+FP): A first 12-band glimpse of the Fornax galaxy cluster},
  author       = {A. V. Smith Castelli and A. Cortesi and R. F. Haack and A. R. Lopes and J. Thainá-Batista and R. Cid Fernandes and L. Lomelí-Núñez and U. Ribeiro and C. R. de Bom and V. Cernic and L. Sodré Jr au2 and L. Zenocratti and M. E. De Rossi and J. P. Calderón and F. Herpich and E. Telles and K. Saha and P. A. A. Lopes and V. H. Lopes-Silva and T. S. Gonçalves and D. Bambrila and N. M. Cardoso and M. L. Buzzo and P. Astudillo Sotomayor and R. Demarco and N. Leigh and M. Sarzi and K. Menéndez-Delmestre and F. R. Faifer and Y. Jiménez-Teja and M. Grossi and J. A. Hernández-Jiménez and A. C. Krabbe and L. A. Gutiérrez Soto and D. Brandão and L. Espinosa and D. E. Olave-Rojas and G. B. Oliveira Schwarz and F. Almeida-Fernandes and W. Schoenell and T. Ribeiro and A. Kanaan and C. Mendes de Oliveira},
  year         = 2024,
  url          = {https://arxiv.org/abs/2403.10697},
  eprint       = {2403.10697},
  archiveprefix = {arXiv},
  primaryclass = {astro-ph.GA}
}

@misc{catalog_ucds,
  title        = {{VizieR Online Data Catalog: Ultra compact dwarf galaxies catalog (Fahrion+, 2019)}},
  author       = {{Fahrion}, K. and {Georgiev}, I. and {Hilker}, M. and {Lyubenova}, M. and {van de Ven}, G. and {Alfaro-Cuello}, M. and {Corsini}, E.~M. and {Sarzi}, M. and {McDermid}, R. M. and {de Zeeuw}, T.},
  year         = 2019,
  month        = apr,
  doi          = {10.26093/cds/vizier.36250050},
  howpublished = {VizieR On-line Data Catalog: J/A+A/625/A50. Originally published in: 2019A\&A...625A..50F},
  eid          = {J/A+A/625/A50},
  adsurl       = {https://ui.adsabs.harvard.edu/abs/2019yCat..36250050F},
  adsnote      = {Provided by the SAO/NASA Astrophysics Data System}
}

@misc{chiang2023correctedsfdaccurategalactic,
  title        = {Corrected SFD: A More Accurate Galactic Dust Map with Minimal Extragalactic Contamination},
  author       = {Yi-Kuan Chiang},
  year         = 2023,
  url          = {https://arxiv.org/abs/2306.03926},
  eprint       = {2306.03926},
  archiveprefix = {arXiv},
  primaryclass = {astro-ph.GA}
}

@article{Dabringhausen_2008,
  title        = {From star clusters to dwarf galaxies: the properties of dynamically hot stellar systems},
  author       = {Dabringhausen, J. and Hilker, M. and Kroupa, P.},
  year         = 2008,
  month        = may,
  journal      = {Monthly Notices of the Royal Astronomical Society},
  publisher    = {Oxford University Press (OUP)},
  volume       = 386,
  number       = 2,
  pages        = {864–886},
  doi          = {10.1111/j.1365-2966.2008.13065.x},
  issn         = {1365-2966},
  url          = {http://dx.doi.org/10.1111/j.1365-2966.2008.13065.x}
}

@article{Dabringhausen_2012,
  title        = {LOW-MASS X-RAY BINARIES INDICATE A TOP-HEAVY STELLAR INITIAL MASS FUNCTION IN ULTRACOMPACT DWARF GALAXIES},
  author       = {Dabringhausen, Jörg and Kroupa, Pavel and Pflamm-Altenburg, Jan and Mieske, Steffen},
  year         = 2012,
  month        = feb,
  journal      = {The Astrophysical Journal},
  publisher    = {American Astronomical Society},
  volume       = 747,
  number       = 1,
  pages        = 72,
  doi          = {10.1088/0004-637x/747/1/72},
  issn         = {1538-4357},
  url          = {http://dx.doi.org/10.1088/0004-637X/747/1/72}
}

@inproceedings{dragons_python,
  title        = {{DRAGONS - Data Reduction for Astronomy from Gemini Observatory North and South}},
  author       = {{Labrie}, Kathleen and {Anderson}, Kenneth and {C{\'a}rdenes}, Ricardo and {Simpson}, Chris and {Turner}, James E.~H.},
  year         = 2019,
  month        = oct,
  booktitle    = {Astronomical Data Analysis Software and Systems XXVII},
  series       = {Astronomical Society of the Pacific Conference Series},
  volume       = 523,
  pages        = 321,
  editor       = {{Teuben}, Peter J. and {Pound}, Marc W. and {Thomas}, Brian A. and {Warner}, Elizabeth M.},
  adsurl       = {https://ui.adsabs.harvard.edu/abs/2019ASPC..523..321L},
  adsnote      = {Provided by the SAO/NASA Astrophysics Data System}
}

@article{Drinkwater_2000,
  title        = {Compact Stellar Systems in the Fornax Cluster: Super-massive Star Clusters or Extremely Compact Dwarf Galaxies?},
  author       = {Drinkwater, M. J. and Jones, J. B. and Gregg, M. D. and Phillipps, S.},
  year         = 2000,
  journal      = {Publications of the Astronomical Society of Australia},
  publisher    = {Cambridge University Press (CUP)},
  volume       = 17,
  number       = 3,
  pages        = {227–233},
  doi          = {10.1071/as00034},
  issn         = {1448-6083},
  url          = {http://dx.doi.org/10.1071/AS00034}
}

@article{Drinkwater_Gregg_Couch_Ferguson_Hilker_Jones_Karick_Phillipps_2004,
  title        = {Ultra-Compact Dwarf Galaxies in Galaxy Clusters},
  author       = {Drinkwater, Michael J. and Gregg, Michael D. and Couch, Warrick J. and Ferguson, Henry C. and Hilker, Michael and Jones, J. Bryn and Karick, Arna and Phillipps, Steven},
  year         = 2004,
  journal      = {Publications of the Astronomical Society of Australia},
  volume       = 21,
  number       = 4,
  pages        = {375–378},
  doi          = {10.1071/AS04048}
}

@article{dustmapsGreen2018,
  title        = {{dustmaps: A Python interface for maps of interstellar dust}},
  author       = {{Green}, Gregory M.},
  year         = 2018,
  month        = jun,
  journal      = {The Journal of Open Source Software},
  volume       = 3,
  number       = 26,
  pages        = 695,
  doi          = {10.21105/joss.00695},
  adsurl       = {https://ui.adsabs.harvard.edu/abs/2018JOSS....3..695G},
  adsnote      = {Provided by the SAO/NASA Astrophysics Data System}
}

@article{Fellhauer_2002,
  title        = {The formation of ultracompact dwarf galaxies},
  author       = {Fellhauer, Michael and Kroupa, Pavel},
  year         = 2002,
  month        = mar,
  journal      = {Monthly Notices of the Royal Astronomical Society},
  publisher    = {Oxford University Press (OUP)},
  volume       = 330,
  number       = 3,
  pages        = {642–650},
  doi          = {10.1046/j.1365-8711.2002.05087.x},
  issn         = {1365-2966},
  url          = {http://dx.doi.org/10.1046/j.1365-8711.2002.05087.x}
}

@article{Frank_2011,
  title        = {Spatially resolved kinematics of an ultracompact dwarf galaxy},
  author       = {Frank, M. J. and Hilker, M. and Mieske, S. and Baumgardt, H. and Grebel, E. K. and Infante, L.},
  year         = 2011,
  month        = jun,
  journal      = {Monthly Notices of the Royal Astronomical Society: Letters},
  publisher    = {Oxford University Press (OUP)},
  volume       = 414,
  number       = 1,
  pages        = {L70–L74},
  doi          = {10.1111/j.1745-3933.2011.01058.x},
  issn         = {1745-3925},
  url          = {http://dx.doi.org/10.1111/j.1745-3933.2011.01058.x}
}

@article{GAIA_DR3,
  title        = {{Gaia Data Release 3. Summary of the content and survey properties}},
  author       = {{Gaia Collaboration}},
  year         = 2023,
  month        = jun,
  journal      = {\aap},
  volume       = 674,
  pages        = {A1},
  doi          = {10.1051/0004-6361/202243940},
  keywords     = {techniques: photometric, techniques: spectroscopic, techniques: radial velocities, catalogs, astrometry, parallaxes, Astrophysics - Astrophysics of Galaxies},
  eid          = {A1},
  archiveprefix = {arXiv},
  eprint       = {2208.00211},
  primaryclass = {astro-ph.GA},
  adsurl       = {https://ui.adsabs.harvard.edu/abs/2023A\&A...674A...1G},
  adsnote      = {Provided by the SAO/NASA Astrophysics Data System}
}

@misc{geminiarchive,
  title        = {Gemini Observatory Archive},
  author       = {{Gemini Observatory}},
  note         = {Acessado em agosto de 2024},
  howpublished = {\url{https://archive.gemini.edu/searchform}}
}

@article{Goerdt_2008,
  title        = {The formation of ultra-compact dwarf galaxies and nucleated dwarf galaxies},
  author       = {Goerdt, Tobias and Moore, Ben and Kazantzidis, Stelios and Kaufmann, Tobias and Macciò, Andrea V. and Stadel, Joachim},
  year         = 2008,
  month        = apr,
  journal      = {Monthly Notices of the Royal Astronomical Society},
  publisher    = {Oxford University Press (OUP)},
  volume       = 385,
  number       = 4,
  pages        = {2136–2142},
  doi          = {10.1111/j.1365-2966.2008.12982.x},
  issn         = {1365-2966},
  url          = {http://dx.doi.org/10.1111/j.1365-2966.2008.12982.x}
}

@article{Goodman_2018,
  title        = {Formation of ultra-compact dwarf galaxies from supergiant molecular clouds},
  author       = {Goodman, Morgan and Bekki, Kenji},
  year         = 2018,
  month        = may,
  journal      = {Monthly Notices of the Royal Astronomical Society},
  publisher    = {Oxford University Press (OUP)},
  volume       = 478,
  number       = 3,
  pages        = {3564–3575},
  doi          = {10.1093/mnras/sty1187},
  issn         = {1365-2966},
  url          = {http://dx.doi.org/10.1093/mnras/sty1187}
}

@article{Graham_2019,
  title        = {A consistency test for determining whether ultracompact dwarf galaxies could be the remnant nuclei of threshed galaxies},
  author       = {Graham, Alister W},
  year         = 2019,
  month        = dec,
  journal      = {Monthly Notices of the Royal Astronomical Society},
  publisher    = {Oxford University Press (OUP)},
  volume       = 492,
  number       = 3,
  pages        = {3263–3271},
  doi          = {10.1093/mnras/stz3547},
  issn         = {1365-2966},
  url          = {http://dx.doi.org/10.1093/mnras/stz3547}
}

@misc{grèboltomàs2023bridging,
  title        = {Bridging the gap in the mass-size relation of compact galaxies with MaNGA},
  author       = {P. Grèbol-Tomàs and A. Ferré-Mateu and H. Domínguez-Sánchez},
  year         = 2023,
  eprint       = {2309.12394},
  archiveprefix = {arXiv},
  primaryclass = {astro-ph.GA}
}

@misc{haack2024splusfornaxprojectsfp,
  title        = {The S-PLUS Fornax Project (S+FP): SExtractor detection and measurement of nearby galaxies in large photometric surveys},
  author       = {R. F. Haack and A. V. Smith Castelli and C. Mendes de Oliveira and F. Almeida-Fernandes and F. R. Faifer and A. R. Lopes and Y. Jaffe and R. Demarco and C. Lima-Dias and L. Lomelí-Nuñez and G. P. Montaguth and W. Schoenell and T. Ribeiro and A. Kanaan},
  year         = 2024,
  url          = {https://arxiv.org/abs/2404.10847},
  eprint       = {2404.10847},
  archiveprefix = {arXiv},
  primaryclass = {astro-ph.GA}
}

@misc{herpich2024fourthsplusdatarelease,
  title        = {The Fourth S-PLUS Data Release: 12-filter photometry covering $\sim3000$ square degrees in the southern hemisphere},
  author       = {{Fabio R. Herpich et. al.}},
  year         = 2024,
  url          = {https://arxiv.org/abs/2407.20701},
  eprint       = {2407.20701},
  archiveprefix = {arXiv},
  primaryclass = {astro-ph.GA}
}

@article{Iodice_2019,
  title        = {The Fornax Deep Survey with the VST: V. Exploring the faintest regions of the bright early-type galaxies inside the virial radius},
  author       = {Iodice, E. and Spavone, M. and Capaccioli, M. and Peletier, R. F. and van de Ven, G. and Napolitano, N. R. and Hilker, M. and Mieske, S. and Smith, R. and Pasquali, A. and Limatola, L. and Grado, A. and Venhola, A. and Cantiello, M. and Paolillo, M. and Falcon-Barroso, J. and D’Abrusco, R. and Schipani, P.},
  year         = 2019,
  month        = feb,
  journal      = {Astronomy \& Astrophysics},
  publisher    = {EDP Sciences},
  volume       = 623,
  pages        = {A1},
  doi          = {10.1051/0004-6361/201833741},
  issn         = {1432-0746},
  url          = {http://dx.doi.org/10.1051/0004-6361/201833741}
}

@article{ivezic2008lsst,
  title        = {Large Synoptic Survey Telescope: From science drivers to reference design},
  author       = {Z. Ivezic and T. Axelrod and W.N. Brandt and D.L. Burke and C.F. Claver and A. Connolly and K.H. Cook and P. Gee and D.K. Gilmore and S.H. Jacoby and R.L. Jones and S.M. Kahn and J.P. Kantor and V. Krabbendam and R.H. Lupton and D.G. Monet and P.A. Pinto and A. Saha and T.L. Schalk and D.P. Schneider},
  year         = 2008,
  journal      = {Serbian Astronomical Journal},
  publisher    = {National Library of Serbia},
  number       = 176,
  pages        = {1--13},
  doi          = {10.2298/saj0876001i},
  url          = {https://doi.org/10.2298/saj0876001i}
}

@article{Je_bkov__2017,
  title        = {The formation of ultra compact dwarf galaxies and massive globular clusters: Quasar-like objects to test for a variable stellar initial mass function},
  author       = {Jeřábková, T. and Kroupa, P. and Dabringhausen, J. and Hilker, M. and Bekki, K.},
  year         = 2017,
  month        = dec,
  journal      = {Astronomy \&; Astrophysics},
  publisher    = {EDP Sciences},
  volume       = 608,
  pages        = {A53},
  doi          = {10.1051/0004-6361/201731240},
  issn         = {1432-0746},
  url          = {http://dx.doi.org/10.1051/0004-6361/201731240}
}

@misc{kimbrell2023comparison,
  title        = {A Comparison Between the Morphologies and Structures of Dwarf Galaxies with and without Active Massive Black Holes},
  author       = {Seth J. Kimbrell and Amy E. Reines and Jenny E. Greene and Marla Geha},
  year         = 2023,
  eprint       = {2309.11574},
  archiveprefix = {arXiv},
  primaryclass = {astro-ph.GA}
}

@inbook{Laursen_2023,
  title        = {Galaxy Formation from a Timescale Perspective},
  author       = {Laursen, Peter},
  year         = 2023,
  booktitle    = {Multiplicity of Time Scales in Complex Systems},
  publisher    = {Springer International Publishing},
  pages        = {105–145},
  doi          = {10.1007/16618_2023_71},
  isbn         = 9783031280498,
  issn         = {2730-6348},
  url          = {http://dx.doi.org/10.1007/16618_2023_71}
}

@misc{Lima_2024,
  title        = {Southern Hemisphere Spectroscopic Redshift Compilation},
  author       = {Erik Vinicius Rodrigues de Lima},
  year         = 2024,
  note         = {Data set},
  howpublished = {\url{https://doi.org/10.5281/zenodo.12728524}}
}

@article{Liu_2015,
  title        = {THE NEXT GENERATION VIRGO CLUSTER SURVEY. X. PROPERTIES OF ULTRA-COMPACT DWARFS IN THE M87, M49, AND M60 REGIONS},
  author       = {Liu, Chengze and Peng, Eric W. and Côté, Patrick and Ferrarese, Laura and Jordán, Andrés and Mihos, J. Christopher and Zhang, Hong-Xin and Muñoz, Roberto P. and Puzia, Thomas H. and Lançon, Ariane and Gwyn, Stephen and Cuillandre, Jean-Charles and Blakeslee, John P. and Boselli, Alessandro and Durrell, Patrick R. and Duc, Pierre-Alain and Guhathakurta, Puragra and MacArthur, Lauren A. and Mei, Simona and Sánchez-Janssen, Rubén and Xu, Haiguang},
  year         = 2015,
  month        = oct,
  journal      = {The Astrophysical Journal},
  publisher    = {American Astronomical Society},
  volume       = 812,
  number       = 1,
  pages        = 34,
  doi          = {10.1088/0004-637x/812/1/34},
  issn         = {1538-4357},
  url          = {http://dx.doi.org/10.1088/0004-637X/812/1/34}
}

@article{Liu_2020,
  title        = {The Next Generation Virgo Cluster Survey. XXXIV. Ultracompact Dwarf Galaxies in the Virgo Cluster},
  author       = {Liu, Chengze and Côté, Patrick and Peng, Eric W. and Roediger, Joel and Zhang, Hongxin and Ferrarese, Laura and Sánchez-Janssen, Ruben and Guhathakurta, Puragra and Yang, Xiaohu and Jing, Yipeng and Alamo-Martínez, Karla and Blakeslee, John P. and Boselli, Alessandro and Cuilandre, Jean-Charles and Duc, Pierre-Alain and Durrell, Patrick and Gwyn, Stephen and Jordán, Andres and Ko, Youkyung and Lançon, Ariane and Lim, Sungsoon and Longobardi, Alessia and Mei, Simona and Mihos, J. Christopher and Muñoz, Roberto and Powalka, Mathieu and Puzia, Thomas and Spengler, Chelsea and Toloba, Elisa},
  year         = 2020,
  month        = sep,
  journal      = {The Astrophysical Journal Supplement Series},
  publisher    = {American Astronomical Society},
  volume       = 250,
  number       = 1,
  pages        = 17,
  doi          = {10.3847/1538-4365/abad91},
  issn         = {1538-4365},
  url          = {http://dx.doi.org/10.3847/1538-4365/abad91}
}

@article{Mahani_2021,
  title        = {Do ultracompact dwarf galaxies form monolithically or as merged star cluster complexes?},
  author       = {Mahani, Hamidreza and Zonoozi, Akram Hasani and Haghi, Hosein and Jeřábková, Tereza and Kroupa, Pavel and Mieske, Steffen},
  year         = 2021,
  month        = feb,
  journal      = {Monthly Notices of the Royal Astronomical Society},
  publisher    = {Oxford University Press (OUP)},
  volume       = 502,
  number       = 4,
  pages        = {5185–5199},
  doi          = {10.1093/mnras/stab330},
  issn         = {1365-2966},
  url          = {http://dx.doi.org/10.1093/mnras/stab330}
}

@article{martin2005galex,
  title        = {{The Galaxy Evolution Explorer: A Space Ultraviolet Survey Mission}},
  author       = {{Martin}, D. Christopher and {Fanson}, James and {Schiminovich}, David and {Morrissey}, Patrick and {Friedman}, Peter G. and {Barlow}, Tom A. and {Conrow}, Tim and {Grange}, Robert and {Jelinsky}, Patrick N. and {Milliard}, Bruno and {Siegmund}, Oswald H.~W. and {Bianchi}, Luciana and {Byun}, Yong-Ik and {Donas}, Jose and {Forster}, Karl and {Heckman}, Timothy M. and {Lee}, Young-Wook and {Madore}, Barry F. and {Malina}, Roger F. and {Neff}, Susan G. and {Rich}, R. Michael and {Small}, Todd and {Surber}, Frank and {Szalay}, Alex S. and {Welsh}, Barry and {Wyder}, Ted K.},
  year         = 2005,
  month        = jan,
  journal      = {\apjl},
  volume       = 619,
  number       = 1,
  pages        = {L1-L6},
  doi          = {10.1086/426387},
  keywords     = {Galaxies: Evolution, Galaxies: General, Space Vehicles: Instruments, Surveys, Ultraviolet: Galaxies, Ultraviolet: General, Astrophysics},
  archiveprefix = {arXiv},
  eprint       = {astro-ph/0411302},
  primaryclass = {astro-ph},
  adsurl       = {https://ui.adsabs.harvard.edu/abs/2005ApJ...619L...1M},
  adsnote      = {Provided by the SAO/NASA Astrophysics Data System}
}

@article{Mayes_2021,
  title        = {Testing the tidal stripping scenario of ultracompact dwarf galaxy formation by using internal properties},
  author       = {Mayes, Rebecca J and Drinkwater, Michael J and Pfeffer, Joel and Baumgardt, Holger and Liu, Chengze and Ferrarese, Laura and Côté, Patrick and Peng, Eric W},
  year         = 2021,
  month        = jul,
  journal      = {Monthly Notices of the Royal Astronomical Society},
  publisher    = {Oxford University Press (OUP)},
  volume       = 506,
  number       = 2,
  pages        = {2459–2470},
  doi          = {10.1093/mnras/stab1864},
  issn         = {1365-2966},
  url          = {http://dx.doi.org/10.1093/mnras/stab1864}
}

@article{mcmahon2013vhs,
  title        = {{First Scientific Results from the VISTA Hemisphere Survey (VHS)}},
  author       = {{McMahon}, R.~G. and {Banerji}, M. and {Gonzalez}, E. and {Koposov}, S.~E. and {Bejar}, V.~J. and {Lodieu}, N. and {Rebolo}, R. and {VHS Collaboration}},
  year         = 2013,
  month        = dec,
  journal      = {The Messenger},
  volume       = 154,
  pages        = {35--37},
  adsurl       = {https://ui.adsabs.harvard.edu/abs/2013Msngr.154...35M},
  adsnote      = {Provided by the SAO/NASA Astrophysics Data System}
}

@article{MICE,
  title        = {{mice}: Multivariate Imputation by Chained Equations in R},
  author       = {Stef {van Buuren} and Karin Groothuis-Oudshoorn},
  year         = 2011,
  journal      = {Journal of Statistical Software},
  volume       = 45,
  number       = 3,
  pages        = {1--67},
  doi          = {10.18637/jss.v045.i03}
}

@article{Mieske_2002,
  title        = {Ultra compact objects in the Fornax cluster of galaxies: Globular clusters or dwarf galaxies?},
  author       = {Mieske, S. and Hilker, M. and Infante, L.},
  year         = 2002,
  month        = mar,
  journal      = {Astronomy \&amp; Astrophysics},
  publisher    = {EDP Sciences},
  volume       = 383,
  number       = 3,
  pages        = {823–837},
  doi          = {10.1051/0004-6361:20011833},
  issn         = {1432-0746},
  url          = {http://dx.doi.org/10.1051/0004-6361:20011833}
}

@article{Mieske_2004,
  title        = {Fornax compact object survey FCOS:   On the nature of Ultra Compact Dwarf galaxies},
  author       = {Mieske, S. and Hilker, M. and Infante, L.},
  year         = 2004,
  month        = apr,
  journal      = {Astronomy \&amp; Astrophysics},
  publisher    = {EDP Sciences},
  volume       = 418,
  number       = 2,
  pages        = {445–458},
  doi          = {10.1051/0004-6361:20035723},
  issn         = {1432-0746},
  url          = {http://dx.doi.org/10.1051/0004-6361:20035723}
}

@article{Mieske_2008_1,
  title        = {An Extreme IMF as an Explanation for HighM/@article{Mieske_2002, title={Ultra compact objects in the Fornax cluster of galaxies: Globular clusters or dwarf galaxies?}, volume={383}, ISSN={1432-0746}, url={http://dx.doi.org/10.1051/0004-6361:20011833}, DOI={10.1051/0004-6361:20011833}, number={3}, journal={Astronomy \&amp; Astrophysics}, publisher={EDP Sciences}, author={Mieske, S. and Hilker, M. and Infante, L.}, year={2002}, month=mar, pages={823–837} } LRatios in UCDs? The CO Index as a Tracer of Bottom‐heavy IMFs},
  author       = {Mieske, Steffen and Kroupa, Pavel},
  year         = 2008,
  month        = apr,
  journal      = {The Astrophysical Journal},
  publisher    = {American Astronomical Society},
  volume       = 677,
  number       = 1,
  pages        = {276–282},
  doi          = {10.1086/528739},
  issn         = {1538-4357},
  url          = {http://dx.doi.org/10.1086/528739}
}

@article{Mieske_2008_2,
  title        = {The nature of UCDs: Internal dynamics from an expanded sample and homogeneous database},
  author       = {Mieske, S. and Hilker, M. and Jordán, A. and Infante, L. and Kissler-Patig, M. and Rejkuba, M. and Richtler, T. and Côté, P. and Baumgardt, H. and West, M. J. and Ferrarese, L. and Peng, E. W.},
  year         = 2008,
  month        = jun,
  journal      = {Astronomy \&; Astrophysics},
  publisher    = {EDP Sciences},
  volume       = 487,
  number       = 3,
  pages        = {921–935},
  doi          = {10.1051/0004-6361:200810077},
  issn         = {1432-0746},
  url          = {http://dx.doi.org/10.1051/0004-6361:200810077}
}

@article{oliveira2019splus,
  title        = {{The Southern Photometric Local Universe Survey (S-PLUS): improved SEDs, morphologies, and redshifts with 12 optical filters}},
  author       = {{Mendes de Oliveira}, C. and {Ribeiro}, T. and {Schoenell}, W. and {Kanaan}, A. and {Overzier}, R.~A. and {Molino}, A. and {Sampedro}, L. and {Coelho}, P. and {Barbosa}, C.~E. and {Cortesi}, A. and {Costa-Duarte}, M.~V. and {Herpich}, F.~R. and {Hernand ez-Jimenez}, J.~A. and {Placco}, V.~M. and {Xavier}, H.~S. and {Abramo}, L.~R. and {Saito}, R.~K. and {Chies-Santos}, A.~L. and {Ederoclite}, A. and {Lopes de Oliveira}, R. and {Gon{\c{c}}alves}, D.~R. and {Akras}, S. and {Almeida}, L.~A. and {Almeida-Fernandes}, F. and {Beers}, T.~C. and {Bonatto}, C. and {Bonoli}, S. and {Cypriano}, E.~S. and {Vinicius-Lima}, E. and {de Souza}, R.~S. and {Fabiano de Souza}, G. and {Ferrari}, F. and {Gon{\c{c}}alves}, T.~S. and {Gonzalez}, A.~H. and {Guti{\'e}rrez-Soto}, L.~A. and {Hartmann}, E.~A. and {Jaffe}, Y. and {Kerber}, L.~O. and {Lima-Dias}, C. and {Lopes}, P.~A.~A. and {Menendez-Delmestre}, K. and {Nakazono}, L.~M.~I. and {Novais}, P.~M. and {Ortega-Minakata}, R.~A. and {Pereira}, E.~S. and {Perottoni}, H.~D. and {Queiroz}, C. and {Reis}, R.~R.~R. and {Santos}, W.~A. and {Santos-Silva}, T. and {Santucci}, R.~M. and {Barbosa}, C.~L. and {Siffert}, Beatriz B. and {Sodr{\'e}}, L. and {Torres-Flores}, S. and {Westera}, P. and {Whitten}, D.~D. and {Alcaniz}, J.~S. and {Alonso-Garc{\'\i}a}, Javier and {Alencar}, S. and {Alvarez-Cand al}, A. and {Amram}, P. and {Azanha}, L. and {Barb{\'a}}, R.~H. and {Bernardinelli}, P.~H. and {Borges Fernandes}, M. and {Branco}, V. and {Brito-Silva}, D. and {Buzzo}, M.~L. and {Caffer}, J. and {Campillay}, A. and {Cano}, Z. and {Carvano}, J.~M. and {Castejon}, M. and {Cid Fernandes}, R. and {Dantas}, M.~L.~L. and {Daflon}, S. and {Damke}, G. and {de la Reza}, R. and {de Melo de Azevedo}, L.~J. and {De Paula}, D.~F. and {Diem}, K.~G. and {Donnerstein}, R. and {Dors}, O.~L. and {Dupke}, R. and {Eikenberry}, S. and {Escudero}, Carlos G. and {Faifer}, Favio R. and {Far{\'\i}as}, H. and {Fernandes}, B. and {Fernandes}, C. and {Fontes}, S. and {Galarza}, A. and {Hirata}, N.~S.~T. and {Katena}, L. and {Gregorio-Hetem}, J. and {Hern{\'a}ndez-Fern{\'a}ndez}, J.~D. and {Izzo}, L. and {Jaque Arancibia}, M. and {Jatenco-Pereira}, V. and {Jim{\'e}nez-Teja}, Y. and {Kann}, D.~A. and {Krabbe}, A.~C. and {Labayru}, C. and {Lazzaro}, D. and {Lima Neto}, G.~B. and {Lopes}, Amand a R. and {Magalh{\~a}es}, R. and {Makler}, M. and {de Menezes}, R. and {Miralda-Escud{\'e}}, J. and {Monteiro-Oliveira}, R. and {Montero-Dorta}, A.~D. and {Mu{\~n}oz-Elgueta}, N. and {Nemmen}, R.~S. and {Nilo Castell{\'o}n}, J.~L. and {Oliveira}, A.~S. and {Ort{\'\i}z}, D. and {Pattaro}, E. and {Pereira}, C.~B. and {Quint}, B. and {Riguccini}, L. and {Rocha Pinto}, H.~J. and {Rodrigues}, I. and {Roig}, F. and {Rossi}, S. and {Saha}, Kanak and {Santos}, R. and {Schnorr M{\"u}ller}, A. and {Sesto}, Leandro A. and {Silva}, R. and {Smith Castelli}, Analia V. and {Teixeira}, R. and {Telles}, E. and {Thom de Souza}, R.~C. and {Th{\"o}ne}, C. and {Trevisan}, M. and {de Ugarte Postigo}, A. and {Urrutia-Viscarra}, F. and {Veiga}, C.~H. and {Vika}, M. and {Vitorelli}, A.~Z. and {Werle}, A. and {Werner}, S.~V. and {Zaritsky}, D.},
  year         = 2019,
  month        = oct,
  journal      = {\mnras},
  volume       = 489,
  number       = 1,
  pages        = {241--267},
  doi          = {10.1093/mnras/stz1985},
  keywords     = {surveys, stars: general, galaxies: clusters: general, galaxies: photometry, quasars: general, Astrophysics - Astrophysics of Galaxies, Astrophysics - Cosmology and Nongalactic Astrophysics, Astrophysics - High Energy Astrophysical Phenomena, Astrophysics - Instrumentation and Methods for Astrophysics, Astrophysics - Solar and Stellar Astrophysics},
  archiveprefix = {arXiv},
  eprint       = {1907.01567},
  primaryclass = {astro-ph.GA},
  adsurl       = {https://ui.adsabs.harvard.edu/abs/2019MNRAS.489..241M},
  adsnote      = {Provided by the SAO/NASA Astrophysics Data System}
}

@misc{oneil2023time,
  title        = {How time weathers galaxies: The temporal impact of the cluster environment on galaxy formation and evolution},
  author       = {Stephanie O'Neil and Josh Borrow and Mark Vogelsberger and Hanzhang Zhao and Bing Wang},
  year         = 2023,
  eprint       = {2310.07754},
  archiveprefix = {arXiv},
  primaryclass = {astro-ph.GA}
}

@misc{prathap2024emugama,
  title        = {EMU/GAMA: A Technique for Detecting Active Galactic Nuclei in Low Mass Systems},
  author       = {Jahang Prathap and Andrew M. Hopkins and Aaron S. G. Robotham and Sabine Bellstedt and José Afonso and Ummee T. Ahmed and Maciej Bilicki and Malcolm N. Bremer and Sarah Brough and Michael J. I. Brown and Yjan Gordon and Benne W. Holwerda and Denis Leahy and Ángel R. López-Sánchez and Joshua R. Marvil and Tamal Mukherjee and Isabella Prandoni and Stanislav S. Shabala and Tessa Vernstrom and Tayyaba Zafar},
  year         = 2024,
  eprint       = {2402.11817},
  archiveprefix = {arXiv},
  primaryclass = {astro-ph.GA}
}

@article{Richtler_2004,
  title        = {{The Globular Cluster System of NGC 1399. II. Kinematics of a Large Sample of Globular Clusters}},
  author       = {{Richtler}, T. and {Dirsch}, B. and {Gebhardt}, K. and {Geisler}, D. and {Hilker}, M. and {Alonso}, M.~V. and {Forte}, J.~C. and {Grebel}, E.~K. and {Infante}, L. and {Larsen}, S. and {Minniti}, D. and {Rejkuba}, M.},
  year         = 2004,
  month        = apr,
  journal      = {\aj},
  volume       = 127,
  number       = 4,
  pages        = {2094--2113},
  doi          = {10.1086/382721},
  keywords     = {Cosmology: Dark Matter, Galaxies: Elliptical and Lenticular, cD, Galaxies: Halos, Galaxies: Individual: NGC Number: NGC 1399, Galaxies: Kinematics and Dynamics, Galaxies: Star Clusters, Astrophysics},
  archiveprefix = {arXiv},
  eprint       = {astro-ph/0401175},
  primaryclass = {astro-ph},
  adsurl       = {https://ui.adsabs.harvard.edu/abs/2004AJ....127.2094R},
  adsnote      = {Provided by the SAO/NASA Astrophysics Data System}
}

@article{Richtler_2008,
  title        = {{The dark matter halo of NGC 1399 - CDM or MOND?}},
  author       = {{Richtler}, T. and {Schuberth}, Y. and {Hilker}, M. and {Dirsch}, B. and {Bassino}, L. and {Romanowsky}, A.~J.},
  year         = 2008,
  month        = feb,
  journal      = {\aap},
  volume       = 478,
  number       = 2,
  pages        = {L23-L26},
  doi          = {10.1051/0004-6361:20078539},
  keywords     = {galaxies: elliptical and lenticular, cD, galaxies: kinematics and dynamics, galaxies: individual: NGC 1399, Astrophysics},
  archiveprefix = {arXiv},
  eprint       = {0711.4077},
  primaryclass = {astro-ph},
  adsurl       = {https://ui.adsabs.harvard.edu/abs/2008A\&A...478L..23R},
  adsnote      = {Provided by the SAO/NASA Astrophysics Data System}
}

@article{Saifollahi_2021,
  title        = {Ultra-compact dwarfs beyond the centre of the Fornax galaxy cluster: hints of UCD formation in low-density environments},
  author       = {Saifollahi, Teymoor and Janz, Joachim and Peletier, Reynier F and Cantiello, Michele and Hilker, Michael and Mieske, Steffen and Valentijn, Edwin A and Venhola, Aku and Kleijn, Gijs Verdoes},
  year         = 2021,
  month        = apr,
  journal      = {Monthly Notices of the Royal Astronomical Society},
  publisher    = {Oxford University Press (OUP)},
  volume       = 504,
  number       = 3,
  pages        = {3580–3609},
  doi          = {10.1093/mnras/stab1118},
  issn         = {1365-2966},
  url          = {http://dx.doi.org/10.1093/mnras/stab1118}
}

@article{sanchez2010des,
  title        = {The Dark Energy Survey},
  author       = {E S{\'{a}}nchez},
  year         = 2010,
  journal      = {Journal of Physics: Conference Series},
  publisher    = {{IOP} Publishing},
  volume       = 259,
  pages        = {012080},
  doi          = {10.1088/1742-6596/259/1/012080},
  url          = {https://doi.org/10.1088/1742-6596/259/1/012080}
}

@article{Schlafly_2011,
  title        = {MEASURING REDDENING WITH SLOAN DIGITAL SKY SURVEY STELLAR SPECTRA AND RECALIBRATING SFD},
  author       = {Schlafly, Edward F. and Finkbeiner, Douglas P.},
  year         = 2011,
  month        = aug,
  journal      = {The Astrophysical Journal},
  publisher    = {American Astronomical Society},
  volume       = 737,
  number       = 2,
  pages        = 103,
  doi          = {10.1088/0004-637x/737/2/103},
  issn         = {1538-4357},
  url          = {http://dx.doi.org/10.1088/0004-637X/737/2/103}
}

@article{Schlegel_1998,
  title        = {Maps of Dust Infrared Emission for Use in Estimation of Reddening and Cosmic Microwave Background Radiation Foregrounds},
  author       = {Schlegel, David J. and Finkbeiner, Douglas P. and Davis, Marc},
  year         = 1998,
  month        = jun,
  journal      = {The Astrophysical Journal},
  publisher    = {American Astronomical Society},
  volume       = 500,
  number       = 2,
  pages        = {525–553},
  doi          = {10.1086/305772},
  issn         = {1538-4357},
  url          = {http://dx.doi.org/10.1086/305772}
}

@article{Seth_2014,
  title        = {A supermassive black hole in an ultra-compact dwarf galaxy},
  author       = {Seth, Anil C. and van den Bosch, Remco and Mieske, Steffen and Baumgardt, Holger and Brok, Mark den and Strader, Jay and Neumayer, Nadine and Chilingarian, Igor and Hilker, Michael and McDermid, Richard and Spitler, Lee and Brodie, Jean and Frank, Matthias J. and Walsh, Jonelle L.},
  year         = 2014,
  month        = sep,
  journal      = {Nature},
  publisher    = {Springer Science and Business Media LLC},
  volume       = 513,
  number       = 7518,
  pages        = {398–400},
  doi          = {10.1038/nature13762},
  issn         = {1476-4687},
  url          = {http://dx.doi.org/10.1038/nature13762}
}

@misc{splus_DR4_footprint,
  title        = {S-PLUS Data Release 4 Documentation},
  author       = {S-PLUS Collaboration},
  year         = 2024,
  note         = {Acesso em: agosto de 2024},
  howpublished = {\url{https://splus.cloud/documentation/DR4}}
}

@article{Su_2021,
  title        = {The Fornax Deep Survey (FDS) with the VST: XI. The search for signs of preprocessing between the Fornax main cluster and Fornax A group},
  author       = {Su, A. H. and Salo, H. and Janz, J. and Laurikainen, E. and Venhola, A. and Peletier, R. F. and Iodice, E. and Hilker, M. and Cantiello, M. and Napolitano, N. and Spavone, M. and Raj, M. A. and van de Ven, G. and Mieske, S. and Paolillo, M. and Capaccioli, M. and Valentijn, E. A. and Watkins, A. E.},
  year         = 2021,
  month        = mar,
  journal      = {Astronomy \&; Astrophysics},
  publisher    = {EDP Sciences},
  volume       = 647,
  pages        = {A100},
  doi          = {10.1051/0004-6361/202039633},
  issn         = {1432-0746},
  url          = {http://dx.doi.org/10.1051/0004-6361/202039633}
}

@article{Su_2022,
  title        = {Photometric properties of nuclear star clusters and their host galaxies in the Fornax cluster},
  author       = {Su, Alan H. and Salo, Heikki and Janz, Joachim and Venhola, Aku and Peletier, Reynier F.},
  year         = 2022,
  month        = aug,
  journal      = {Astronomy \& Astrophysics},
  publisher    = {EDP Sciences},
  volume       = 664,
  pages        = {A167},
  doi          = {10.1051/0004-6361/202142593},
  issn         = {1432-0746},
  url          = {http://dx.doi.org/10.1051/0004-6361/202142593}
}

@article{Wang_2023,
  title        = {An evolutionary continuum from nucleated dwarf galaxies to star clusters},
  author       = {Wang, Kaixiang and Peng, Eric W. and Liu, Chengze and Mihos, J. Christopher and Côté, Patrick and Ferrarese, Laura and Taylor, Matthew A. and Blakeslee, John P. and Cuillandre, Jean-Charles and Duc, Pierre-Alain and Guhathakurta, Puragra and Gwyn, Stephen and Ko, Youkyung and Lançon, Ariane and Lim, Sungsoon and MacArthur, Lauren A. and Puzia, Thomas and Roediger, Joel and Sales, Laura V. and Sánchez-Janssen, Rubén and Spengler, Chelsea and Toloba, Elisa and Zhang, Hongxin and Zhu, Mingcheng},
  year         = 2023,
  month        = nov,
  journal      = {Nature},
  publisher    = {Springer Science and Business Media LLC},
  volume       = 623,
  number       = 7986,
  pages        = {296–300},
  doi          = {10.1038/s41586-023-06650-z},
  issn         = {1476-4687},
  url          = {http://dx.doi.org/10.1038/s41586-023-06650-z}
}

@article{Zhang_2015,
  title        = {THE NEXT GENERATION VIRGO CLUSTER SURVEY. VI. THE KINEMATICS OF ULTRA-COMPACT DWARFS AND GLOBULAR CLUSTERS IN M87},
  author       = {Zhang, Hong-Xin and Peng, Eric W. and Côté, Patrick and Liu, Chengze and Ferrarese, Laura and Cuillandre, Jean-Charles and Caldwell, Nelson and Gwyn, Stephen D. J. and Jordán, Andrés and Lançon, Ariane and Li, Biao and Muñoz, Roberto P. and Puzia, Thomas H. and Bekki, Kenji and Blakeslee, John P. and Boselli, Alessandro and Drinkwater, Michael J. and Duc, Pierre-Alain and Durrell, Patrick and Emsellem, Eric and Firth, Peter and Sánchez-Janssen, Rubén},
  year         = 2015,
  month        = mar,
  journal      = {The Astrophysical Journal},
  publisher    = {American Astronomical Society},
  volume       = 802,
  number       = 1,
  pages        = 30,
  doi          = {10.1088/0004-637x/802/1/30},
  issn         = {1538-4357},
  url          = {http://dx.doi.org/10.1088/0004-637X/802/1/30}
}

@article{Zhang_2018,
  title        = {Stellar Population Properties of Ultracompact Dwarfs in M87: A Mass–Metallicity Correlation Connecting Low-metallicity Globular Clusters and Compact Ellipticals},
  author       = {Zhang, Hong-Xin and Puzia, Thomas H. and Peng, Eric W. and Liu, Chengze and Côté, Patrick and Ferrarese, Laura and Duc, Pierre-Alain and Eigenthaler, Paul and Lim, Sungsoon and Lançon, Ariane and Muñoz, Roberto P. and Roediger, Joel and Sánchez-Janssen, Ruben and Taylor, Matthew A. and Yu, Jincheng},
  year         = 2018,
  month        = may,
  journal      = {The Astrophysical Journal},
  publisher    = {American Astronomical Society},
  volume       = 858,
  number       = 1,
  pages        = 37,
  doi          = {10.3847/1538-4357/aab88a},
  issn         = {1538-4357},
  url          = {http://dx.doi.org/10.3847/1538-4357/aab88a}
}